@InBook{aips:glossary,
  author = 	 "{AIPS project}",
  title = 	 "AIPS Cookbook",
  chapter = 	 "Glossary",
  publisher = "NRAO",
  year = 1990,
}

@TechReport{bg:AIPS,
  author = 	 "Alan H. Bridle and Eric W. Greisen",
  title = 	 "The {NRAO AIPS} Project --- A Summary",
  institution =  "NRAO",
  year = 	 "1994",
  type = 	 "AIPS Memo",
  number = 	 "87",
}

@Book{bn:scientific,
  author = 	 "John J. Barton and Lee R. Nackman",
  title = 	 "Scientific and Engineering C++",
  publisher = 	 "Addison Wesley",
  year = 	 "1994",
}



@TechReport{bh:exotic,
  author = 	 "S. Bhatnagar and M.A. Holdaway",
  title = 	 "Exotic Imaging Methods: A Guide for Masochistic
		  AIPS++ Designers",
  institution =  "TIFR and NRAO",
  year = 	 "1992",
  type = 	 "AIPS++ Implementation Note",
  number = 	 "132",
}

@Book{booch:oo,
  author = 	 "Grady Booch",
  title = 	 "Object Oriented Design With Applications",
  publisher = 	 "Benjamin Cummings",
  year = 	 "1991",
}


@TechReport{cornwell:imaging,
  author = 	 "T.J. Cornwell",
  title = 	 "Recommendations for the AIPS++ Imaging Model",
  institution =  "NRAO",
  year = 	 "1992",
  type = 	 "AIPS++ Implementation Note",
  number = 	 "147",
}

@TechReport{cornwell:telescope,
  author = 	 "T.J. Cornwell",
  title = 	 "Recommendations for the AIPS++ Telescope Model",
  institution =  "NRAO",
  year = 	 "1992",
  type = 	 "AIPS++ Implementation Note",
  number = 	 "148",
}

@InProceedings{croes:aips,
  author = 	 "G.A. Croes",
  title = 	 "On AIPS++, A New Astronomical Information
		  Proscessing System",
  editor = 	 "R.J. Hanisch and R.J.V. Brissenden and Jeanette Barnes",
  volume = 	 "52",
  series = 	 "Astronomical Society of the Pacific Conference Series",
  pages = 	 "156--166",
  booktitle = "Astronomical Data Analysys Software and Systems II",
  year = 	 "1993",
}

@TechReport{flatters:rational,
  author = 	 "C. Flatters",
  title = 	 "A Rational Plan for AIPS++",
  institution =  "NRAO",
  year = 	 "1992",
  number = 	 "114",
  type =         "AIPS++ Implementation Note",
}

@TechReport{garwood:sdci,
  author = 	 "R.W. Garwood",
  title = 	 "Single Dish Calibration and Imaging (SDCI)",
  institution =  "NRAO",
  year = 	 "1994",
  number =       "171",
  type =         "AIPS++ Implementation Note",
}


@Manual{gc:fits,
  author = 	"Eric W. Greisen  and Mark Calabretta",
  title = 	 "Representations of Celestial Coordinates in FITS",
  year = 	 "1994",
}

@TechReport{glendenning:design,
  author = 	 "B.E. Glendenning",
  title = 	 "The  Design of AIPS++",
  institution =  "AIPS++ Project",
  year = 	 "1994",
  type = 	 "Implementation Memo",
  number = 	 "111",
}

@TechReport{hg:design,
  author = 	 "R.M. Hjellming and B.E. Glendenning",
  title = 	 "An Overview of AIPS++ Design",
  institution =  "AIPS++ Project",
  year = 	 "1992",
  type = 	 "Implementation Memo",
  number = 	 "109",
}



@Misc{holdaway:glossary,
  author = 	 "M.A. Holdaway",
  title = 	 "{AIPS++ Glosarry}",
  year = 	 "1994",
}

@TechReport{hunt:mission,
  title = 	 "AIPS++ Mission Statement",
  author = 	 "G.C. Hunt",
  institution =  "AIPS++ Project",
  type = 	 "Implementation Memo",
  number = 	 "110",
  year = 	 "1993",
}

@Book{meyer:oo,
  author = 	 "Bertrand Meyer",
  title = 	 "Object-Oriented Software Construction",
  publisher = 	 "Prentice Hall",
  year = 	 "1988",
  series = 	 "International Series In Computer Science",
}

@TechReport{noordam:uvci,
  title = 	 "Development Plan for the Aperture Synthesis Applications",
  author = 	 "J.E. Noordam",
  year = 	 "1994",
  type = 	 "Implementation Note",
  number = 	 "177",
}

@Book{rumbaugh:oo,
  author = 	 "James Rumbaugh and Michael Blaha and William
		  Premerlani and Frederick Eddy and William Lorensen",
  title = 	 "Object-Oriented Modeling and Design",
  publisher = 	 "Prentice Hall",
  year = 	 "1991",
}

@TechReport{shone:gb,
  author = 	 "D.L. Shone and T.J. Cornwell (eds)",
  title = 	 "Calibration, Imaging, and DataSystems for AIPS++ ---
		  Report of the meeting in Green Bank, West Virginia,
		  3rd--14th February, 1992",
  institution =  "AIPS++ Project",
  year = 	 "1992",
  type = 	 "Implementation Memo",
  number = 	 "103",
}



@TechReport{simon:development,
  title = 	 "AIPS++ Development Plan",
  author = 	 "R.S. Simon",
  year = 	 "1994",
  type = 	 "Implementation Note",
  number = 	 "176",
}

@Book{stroustrup:c,
  author = 	 "Bjarne Stroustrup",
  title = 	 "The C++ Programming Language (Second Edition)",
  publisher = 	 "Addison Wesley",
  year = 	 "1991",
}

@InProceedings{stw:miriad,
  author = 	 "R.J. Sault and P.J. Teuben and M.C.H. Wright",
  title = 	 "A Retrospective View of Miriad",
  series = 	 "Astronomical Society of the Pacific Conference Series",
  booktitle = "Astronomical Data Analysys Software and Systems IV",
  year = 	 "1995 (in press)",
}
